%YAML 1.1
%TAG !u! tag:unity3d.com,2011:
--- !u!1001 &100100000
Prefab:
  m_ObjectHideFlags: 1
  serializedVersion: 2
  m_Modification:
    m_TransformParent: {fileID: 0}
    m_Modifications: []
    m_RemovedComponents: []
  m_ParentPrefab: {fileID: 0}
  m_RootGameObject: {fileID: 1380942914163348}
  m_IsPrefabParent: 1
--- !u!1 &1198311525753056
GameObject:
  m_ObjectHideFlags: 0
  m_PrefabParentObject: {fileID: 0}
  m_PrefabInternal: {fileID: 100100000}
  serializedVersion: 5
  m_Component:
  - component: {fileID: 4713082999985624}
  - component: {fileID: 114020937376385176}
  m_Layer: 0
  m_Name: GoldUpgradeManager
  m_TagString: Untagged
  m_Icon: {fileID: 0}
  m_NavMeshLayer: 0
  m_StaticEditorFlags: 0
  m_IsActive: 1
--- !u!1 &1380942914163348
GameObject:
  m_ObjectHideFlags: 0
  m_PrefabParentObject: {fileID: 0}
  m_PrefabInternal: {fileID: 100100000}
  serializedVersion: 5
  m_Component:
  - component: {fileID: 4163447523268478}
  m_Layer: 0
  m_Name: Upgrades
  m_TagString: Untagged
  m_Icon: {fileID: 0}
  m_NavMeshLayer: 0
  m_StaticEditorFlags: 0
  m_IsActive: 1
--- !u!1 &1652334343518778
GameObject:
  m_ObjectHideFlags: 0
  m_PrefabParentObject: {fileID: 0}
  m_PrefabInternal: {fileID: 100100000}
  serializedVersion: 5
  m_Component:
  - component: {fileID: 4188225849987262}
  - component: {fileID: 114573779976046758}
  m_Layer: 0
  m_Name: AngelUpgradeManager
  m_TagString: Untagged
  m_Icon: {fileID: 0}
  m_NavMeshLayer: 0
  m_StaticEditorFlags: 0
  m_IsActive: 1
--- !u!1 &1864220120952806
GameObject:
  m_ObjectHideFlags: 0
  m_PrefabParentObject: {fileID: 0}
  m_PrefabInternal: {fileID: 100100000}
  serializedVersion: 5
  m_Component:
  - component: {fileID: 4458073744175772}
  - component: {fileID: 114741112869007986}
  m_Layer: 0
  m_Name: CashUpgradeManager
  m_TagString: Untagged
  m_Icon: {fileID: 0}
  m_NavMeshLayer: 0
  m_StaticEditorFlags: 0
  m_IsActive: 1
--- !u!4 &4163447523268478
Transform:
  m_ObjectHideFlags: 1
  m_PrefabParentObject: {fileID: 0}
  m_PrefabInternal: {fileID: 100100000}
  m_GameObject: {fileID: 1380942914163348}
  m_LocalRotation: {x: 0, y: 0, z: 0, w: 1}
  m_LocalPosition: {x: 1.4718351, y: -1.695973, z: 90}
  m_LocalScale: {x: 1, y: 1, z: 1}
  m_Children:
  - {fileID: 4713082999985624}
  - {fileID: 4458073744175772}
  - {fileID: 4188225849987262}
  m_Father: {fileID: 0}
  m_RootOrder: 0
  m_LocalEulerAnglesHint: {x: 0, y: 0, z: 0}
--- !u!4 &4188225849987262
Transform:
  m_ObjectHideFlags: 1
  m_PrefabParentObject: {fileID: 0}
  m_PrefabInternal: {fileID: 100100000}
  m_GameObject: {fileID: 1652334343518778}
  m_LocalRotation: {x: -0, y: -0, z: -0, w: 1}
  m_LocalPosition: {x: -0.06727457, y: 2.7994008, z: 0}
  m_LocalScale: {x: 1, y: 1, z: 1}
  m_Children: []
  m_Father: {fileID: 4163447523268478}
  m_RootOrder: 2
  m_LocalEulerAnglesHint: {x: 0, y: 0, z: 0}
--- !u!4 &4458073744175772
Transform:
  m_ObjectHideFlags: 1
  m_PrefabParentObject: {fileID: 0}
  m_PrefabInternal: {fileID: 100100000}
  m_GameObject: {fileID: 1864220120952806}
  m_LocalRotation: {x: -0, y: -0, z: -0, w: 1}
  m_LocalPosition: {x: -3.480807, y: -1.845714, z: 0}
  m_LocalScale: {x: 1, y: 1, z: 1}
  m_Children: []
  m_Father: {fileID: 4163447523268478}
  m_RootOrder: 1
  m_LocalEulerAnglesHint: {x: 0, y: 0, z: 0}
--- !u!4 &4713082999985624
Transform:
  m_ObjectHideFlags: 1
  m_PrefabParentObject: {fileID: 0}
  m_PrefabInternal: {fileID: 100100000}
  m_GameObject: {fileID: 1198311525753056}
  m_LocalRotation: {x: -0, y: -0, z: -0, w: 1}
  m_LocalPosition: {x: -1.1405053, y: 4.3934207, z: 0}
  m_LocalScale: {x: 1, y: 1, z: 1}
  m_Children: []
  m_Father: {fileID: 4163447523268478}
  m_RootOrder: 0
  m_LocalEulerAnglesHint: {x: 0, y: 0, z: 0}
--- !u!114 &114020937376385176
MonoBehaviour:
  m_ObjectHideFlags: 1
  m_PrefabParentObject: {fileID: 0}
  m_PrefabInternal: {fileID: 100100000}
  m_GameObject: {fileID: 1198311525753056}
  m_Enabled: 1
  m_EditorHideFlags: 0
  m_Script: {fileID: 11500000, guid: 5562238abd82b04449dfe705430d8ada, type: 3}
  m_Name: 
  m_EditorClassIdentifier: 
  MoneyManagerObj: {fileID: 0}
  nameString: []
  nameUpgradeString:
  - Micro-Manager Upgrade
  - Micro-Manager
  - x3 Multiplier
  - x12 Multiplier
  - x27 Multiplier
  - x99 Multiplier
  - x501 Multiplier
  - Tycoon Claim
  - 1 Day Time Warp
  - 7 Day Time Warp
  - 14 Day Time Warp
  - Flux Capitalor
  - Flux Capitalor Deluxe
  - Gold Suit
  - Blue Suit
  - White Suit
  - Green Suit
  - Marvin's Theorem
  - Martian Law
  nameUpgradeStringDiscript:
  - Adds a x2 Speed Buff to the current planet's Micro-Manager.
  - Increases the speed of investments by 300% when you click it
  - Applies a permanent 3x profit multiplier to the planet you are on
  - Applies a permanent 12x profit multiplier to the planet you are on
  - Applies a permanent 27x profit multiplier to the planet you are on
  - Applies a permanent 99x profit multiplier to the planet you are on
  - Applies a permanent 501x profit multiplier to the planet you are on
  - "Immediately claim your pending\_Tycoon Investors\_without having to reset."
  - "Immediately earn\_Money\_and\_Tycoon Investors\_as if you'd idled for one day."
  - "Immediately earn\_Money\_and\_Tycoon Investors\_as if you'd idled for one week."
  - "Immediately earn\_Money\_and\_Tycoon Investors\_as if you'd idled for two weeks."
  - 'Applies a permanent 121% profit speed boost for a new multiplier of (1+1.21)/100=2.21x
    to the planet you are on. '
  - Applies a permanent 363% profit speed boost for a new multiplier of (1+3.63)/100=4.63x
    to the planet you are on.
  - 'Applies a 2x profit multiplier when worn on any or all planets. '
  - Applies a 3x profit multiplier when worn on any or all planets.
  - Applies a 2x profit speed boost when worn on any or all planets. Cannot be worn
    on event planets.
  - "Applies +10%\_Tycoon Investor\_effectiveness when worn on any or all planets."
  - Cut Martian wait time by 1/2 and add x1 to their surge.
  - Cut Martian wait time by 1/32 and add x5 to their surge.
  upgradeCost:
  - 10
  - 45
  - 20
  - 50
  - 100
  - 300
  - 1200
  - 20
  - 10
  - 25
  - 40
  - 40
  - 80
  - 40
  - 50
  - 140
  - 240
  - 50
  - 200
  numProfit: []
  btnIcon:
  - {fileID: 21300000, guid: 4fcb25f5b0fe84543b8c9816763c07aa, type: 3}
  - {fileID: 21300000, guid: ae06fc092bcd5174fb3ed3bb67e9dd11, type: 3}
  - {fileID: 21300000, guid: afc5fc6cbff7d464eb8b93b8def51d7a, type: 3}
  - {fileID: 21300000, guid: cc0670cd7aad8c04cb2ee447126635a6, type: 3}
  - {fileID: 21300000, guid: d25a626e1a24caf44b908851aeffee89, type: 3}
  - {fileID: 21300000, guid: 511671b561a51284fb0754d67fd1f1ff, type: 3}
  - {fileID: 21300000, guid: 53b7af76fc664c3499d7d6e3553a51e9, type: 3}
  - {fileID: 21300000, guid: 6ce92937ab03aab4dacae6be345fcf74, type: 3}
  - {fileID: 21300000, guid: 3d7d0e3a0485a114c9eee902e81c1373, type: 3}
  - {fileID: 21300000, guid: 6ce92937ab03aab4dacae6be345fcf74, type: 3}
  - {fileID: 21300000, guid: 44e61537a6a18e54aa0e33f5dbb53b37, type: 3}
  GoldUpgradeObject:
  - {fileID: 0}
  - {fileID: 0}
  - {fileID: 0}
  - {fileID: 0}
  - {fileID: 0}
  - {fileID: 0}
  - {fileID: 0}
  - {fileID: 0}
  - {fileID: 0}
  - {fileID: 0}
  - {fileID: 0}
  - {fileID: 0}
  - {fileID: 0}
  - {fileID: 0}
  - {fileID: 0}
  - {fileID: 0}
  - {fileID: 0}
  - {fileID: 0}
  - {fileID: 0}
  GoldUpgradeObjectPort:
  - {fileID: 0}
  - {fileID: 0}
  - {fileID: 0}
  - {fileID: 0}
  - {fileID: 0}
  - {fileID: 0}
  - {fileID: 0}
  - {fileID: 0}
  - {fileID: 0}
  - {fileID: 0}
  - {fileID: 0}
  - {fileID: 0}
  - {fileID: 0}
  - {fileID: 0}
  - {fileID: 0}
  - {fileID: 0}
  - {fileID: 0}
  - {fileID: 0}
  - {fileID: 0}
  availToBuy: {r: 0.5529412, g: 0.86274517, b: 0.24705884, a: 1}
  notAvailToBuy: {r: 0.5529412, g: 0.8627451, b: 0.24705882, a: 1}
--- !u!114 &114573779976046758
MonoBehaviour:
  m_ObjectHideFlags: 1
  m_PrefabParentObject: {fileID: 0}
  m_PrefabInternal: {fileID: 100100000}
  m_GameObject: {fileID: 1652334343518778}
  m_Enabled: 1
  m_EditorHideFlags: 0
  m_Script: {fileID: 11500000, guid: ef009b707ecf0b8469f4abbc63e7eb00, type: 3}
  m_Name: 
  m_EditorClassIdentifier: 
  MoneyManagerObj: {fileID: 0}
  mainGen: {fileID: 0}
  nameString:
  - All
  - Investor
  - Investor
  - All
  - Bonds_Level
  - Cars_Level
  - Housing_Level
  - Personal_Level
  - All
  - Bonds_Level
  - Cars_Level
  - Housing_Level
  - Personal_Level
  - Bonds_Level
  - Cars_Level
  - Housing_Level
  - Personal_Level
  - All
  - Bonds
  - Cars
  - Housing
  - Personal
  - Credit
  - Insurance
  - Debit
  - Savings
  - Space
  - Stocks
  - All
  - Bonds_Level
  - Cars_Level
  - Housing_Level
  - Personal_Level
  - Credit_Level
  - Bonds_Level
  - Cars_Level
  - Housing_Level
  - Personal_Level
  - Credit_Level
  - Bonds_Level
  - Cars_Level
  - Investor
  - All
  - All
  - All
  - All
  - Bonds_Level
  - Cars
  - Housing
  - Personal
  - Credit
  - Insurance
  - Debit
  - Savings
  - Space
  - Stocks
  - Bonds
  - Investor
  - Bonds
  - Cars
  - Housing
  - Personal
  - Credit
  - Insurance
  - Debit
  - Savings
  - Space
  - Stocks
  - Bonds_Level
  - Cars_Level
  - Housing_Level
  - Personal_Level
  - Insurance_Level
  - All
  - Bonds
  - Cars
  - Housing
  - Personal
  - Credit
  - Insurance
  - Debit
  - Savings
  - Space
  - Stocks
  - All
  - Bonds
  - Cars
  - Housing
  - Personal
  - Credit
  - Insurance
  - Debit
  - Savings
  - Space
  - Stocks
  - Bonds_Level
  - All
  - Bonds_Level
  - Cars_Level
  - Housing_Level
  - Personal_Level
  - Credit_Level
  - Insurance_Level
  - Debit_Level
  - Savings_Level
  - Space_Level
  - Stocks_Level
  - Bonds
  - Cars
  - Housing
  - Personal
  - Credit
  - Insurance
  - Debit
  - Savings
  - Space
  - Stocks
  - Cars_Level
  - Bonds_Level
  - Housing_Level
  - Personal_Level
  - Credit_Level
  - Insurance_Level
  - Debit_Level
  - Savings_Level
  - Space_Level
  - Stocks
  - Bonds
  - Cars
  - Housing
  - Personal
  - Credit
  - Insurance
  - Debit
  - Savings
  - Space
  - Stocks
  - All
  - All
  - All
  - All
  - All
  - Bonds_Level
  - Cars_Level
  - Housing_Level
  - Personal_Level
  - Credit_Level
  - Insurance_Level
  - Debit_Level
  - Savings_Level
  - Space_Level
  - Stocks_Level
  - All
  - Bonds
  - Cars
  - Housing
  - Personal
  - Credit
  - Insurance
  - Debit
  - Savings
  - Space
  - Stocks
  - Bonds_Level
  - Cars_Level
  - Housing_Level
  - Personal_Level
  - Credit_Level
  - Insurance_Level
  - Debit_Level
  - Savings_Level
  - Space_Level
  - Stocks_Level
  - Bonds
  - Cars
  - Housing
  - Personal
  - Credit
  - Insurance
  - Debit
  - Savings
  - Stocks
  - Space
  - All
  - Cars_Level
  - Credit_Level
  - Insurance_Level
  - Savings_Level
  - Housing_Level
  - Stocks_Level
  - Bonds_Level
  - Personal_Level
  - Space_Level
  nameUpgradeString:
  - Angel Sacrifice
  - Angelic Mutiny
  - Angelic Rebellion
  - Angelic Selection
  - Bonds Swap
  - Cars Swap
  - Housing Swap
  - Personal Swap
  - Divine Intervention
  - "Bonds\_ Surge"
  - "Car Loans\_ Surge"
  - Personal Surge
  - Housing Surge
  - Bonds Merger
  - Car Loans Merger
  - Personal Merger
  - Housing Merger
  - Rapture Contingent
  - Bondsion Ultrus
  - Washicus Maximus
  - Pizzeria Primus
  - Ultimus Housingicus
  - Shrimpus Glorious
  - Puckus Alotus
  - Cinemaxima Spiritus
  - Fundorium Sanctum
  - Oil Vincit Omnia
  - Lemonus Supremus
  - Buy Earth
  - Bonds Takeover
  - Car Loans Takeover
  - Personal Takeover
  - Housing Takeover
  - Shrimp Takeover
  - Bonds Assimilation
  - Car Loans Assimilation
  - Personal Assimilation
  - Housing Assimilation
  - Shrimp Assimilation
  - First Amen-dment
  - Unrefusable Offer
  - Paradise Lost And Found
  - Black Friday the 13th
  - Divine Write Off
  - In Brightest Day...
  - In Darkest Night...
  - The Good News
  - Synergize Suds
  - The Good News
  - Synergize Suds
  - Newspaper Merger
  - Newspaper Merger
  - Newspaper Merger
  - Newspaper Merger
  - Newspaper Merger
  - Newspaper Merger
  - Newspaper Merger
  - Newspaper Merger
  - Newspaper Merger
  - Newspaper Merger
  - Newspaper Merger
  - Newspaper Merger
  - Newspaper Merger
  - Newspaper Merger
  - Newspaper Merger
  - Newspaper Merger
  - Newspaper Merger
  - Newspaper Merger
  - Newspaper Merger
  - Newspaper Merger
  - Newspaper Merger
  - Newspaper Merger
  - Newspaper Merger
  - Newspaper Merger
  - Newspaper Merger
  - Newspaper Merger
  - Newspaper Merger
  - Newspaper Merger
  - Newspaper Merger
  - Newspaper Merger
  - Newspaper Merger
  - Newspaper Merger
  - Newspaper Merger
  - Newspaper Merger
  - Newspaper Merger
  - Newspaper Merger
  - Newspaper Merger
  - Newspaper Merger
  - Newspaper Merger
  - Newspaper Merger
  - Newspaper Merger
  - Newspaper Merger
  - Newspaper Merger
  - Newspaper Merger
  - Newspaper Merger
  - Newspaper Merger
  - Newspaper Merger
  - Newspaper Merger
  - Newspaper Merger
  - Newspaper Merger
  - Newspaper Merger
  - Newspaper Merger
  - Newspaper Merger
  - Newspaper Merger
  - Newspaper Merger
  - Newspaper Merger
  - Newspaper Merger
  - Newspaper Merger
  - Newspaper Merger
  - Newspaper Merger
  - Newspaper Merger
  - Newspaper Merger
  - Newspaper Merger
  - Newspaper Merger
  - Newspaper Merger
  - Newspaper Merger
  - Newspaper Merger
  - Newspaper Merger
  - Newspaper Merger
  - Newspaper Merger
  - Newspaper Merger
  - Newspaper Merger
  - Newspaper Merger
  - Newspaper Merger
  - Newspaper Merger
  - Newspaper Merger
  - Newspaper Merger
  - Newspaper Merger
  - Newspaper Merger
  - Newspaper Merger
  - Newspaper Merger
  - Newspaper Merger
  - Newspaper Merger
  - Newspaper Merger
  - Newspaper Merger
  - Newspaper Merger
  - Newspaper Merger
  - Newspaper Merger
  - Newspaper Merger
  - Newspaper Merger
  - Newspaper Merger
  - Newspaper Merger
  - Newspaper Merger
  - Newspaper Merger
  - Newspaper Merger
  - Newspaper Merger
  - Newspaper Merger
  - Newspaper Merger
  - Newspaper Merger
  - Newspaper Merger
  - Newspaper Merger
  - Newspaper Merger
  - Newspaper Merger
  - Newspaper Merger
  - Newspaper Merger
  - Newspaper Merger
  - Newspaper Merger
  - Newspaper Merger
  - Newspaper Merger
  - Newspaper Merger
  - Newspaper Merger
  - Newspaper Merger
  - Newspaper Merger
  - Newspaper Merger
  - Newspaper Merger
  - Newspaper Merger
  - Newspaper Merger
  - Newspaper Merger
  - Newspaper Merger
  - Newspaper Merger
  - Newspaper Merger
  - Newspaper Merger
  - Newspaper Merger
  - Newspaper Merger
  - Newspaper Merger
  - Newspaper Merger
  - Newspaper Merger
  - Newspaper Merger
  - Newspaper Merger
  - Newspaper Merger
  - Newspaper Merger
  - Newspaper Merger
  - Newspaper Merger
  - Newspaper Merger
  - Newspaper Merger
  - Newspaper Merger
  - Newspaper Merger
  - Newspaper Merger
  - Newspaper Merger
  - Newspaper Merger
  - Newspaper Merger
  - Newspaper Merger
  - Newspaper Merger
  nameUpgradeStringDiscript:
  - All profits x3
  - Angel Investor Effectiveness +2%
  - Angel Investor Effectiveness +2%
  - All profits x5
  - +10 Bonds
  - +10 Car Loans
  - +10 Housing Loans
  - +10 Personal Loans
  - All profits x9
  - +50 Bonds
  - +50 Car Loans
  - +50 Housing Loans
  - +50 Personal Loans
  - +50 Bonds
  - +50 Cars Loans
  - +50 Housing Loans
  - +50 Personal
  - All profits x11
  - Newspaper Delivery profit x3
  - Car Wash profit x3
  - Pizza Delivery profit x3
  - Donut Shop profit x3
  - Shrimp Boat profit x3
  - Hockey Team profit x3
  - Movie Studio profit x3
  - Bank profit x3
  - Oil Company profit x3
  - Lemonade Stand profit x3
  - All profits x15
  - +75 Newspaper Delivery
  - +75 Car Wash
  - +75 Pizza Delivery
  - +75 Donut Shop
  - +75 Shrimp Boat
  - +75 Newspaper Delivery
  - +75 Car Wash
  - +75 Pizza Delivery
  - +75 Donut Shop
  - +75 Shrimp Boat
  - +100 Newspaper Delivery
  - +100 Car Wash
  - Angel Investor Effectiveness +10%
  - All profits x15
  - All profits x3
  - All profits x5
  - All profits x5
  - +50 Newspaper Delivery
  - Car Wash profit x4
  - Pizza Delivery profit x6
  - Donut Shop profit x3
  - Shrimp Boat profit x3
  - Hockey Team profit x3
  - Movie Studio profit x3
  - Bank profit x3
  - Oil Company profit x3
  - Lemonade Stand profit x3
  - Newspaper Delivery profit x3
  - Angel Investor Effectiveness +10%
  - Newspaper Delivery profit x3
  - Car Wash profit x3
  - Pizza Delivery profit x3
  - Donut Shop profit x3
  - Shrimp Boat profit x3
  - Hockey Team profit x3
  - Movie Studio profit x3
  - Bank profit x3
  - Oil Company profit x3
  - Lemonade Stand profit x3
  - +30 Newspaper Delivery
  - +30 Car Wash
  - +30 Pizza Delivery
  - +30 Donut Shop
  - +30 Hockey Team
  - All profits x5
  - Newspaper Delivery profit x3
  - Car Wash profit x3
  - Pizza Delivery profit x3
  - Donut Shop profit x3
  - Shrimp Boat profit x3
  - Hockey Team profit x3
  - Movie Studio profit x3
  - Bank profit x3
  - Oil Company profit x3
  - Lemonade Stand profit x3
  - All profits x7
  - Newspaper Delivery profit x3
  - Car Wash profit x3
  - Pizza Delivery profit x3
  - Donut Shop profit x3
  - Shrimp Boat profit x3
  - Hockey Team profit x3
  - Movie Studio profit x3
  - Bank profit x3
  - Oil Company profit x3
  - Lemonade Stand profit x3
  - +50 Newspaper Delivery
  - All profits x7.777777
  - +10 Newspaper Delivery
  - +10 Car Wash
  - +10 Pizza Delivery
  - +10 Donut Shop
  - +10 Shrimp Boat
  - +10 Hockey Team
  - +10 Movie Studio
  - +10 Bank
  - +10 Oil Company
  - +10 Lemonade Stand
  - Newspaper Delivery profit x3
  - Car Wash profit x3
  - Pizza Delivery profit x3
  - Donut Shop profit x3
  - Shrimp Boat profit x3
  - Hockey Team profit x3
  - Movie Studio profit x3
  - Bank profit x3
  - Oil Company profit x3
  - Lemonade Stand profit x3
  - +25 Car Wash
  - +25 Newspaper Delivery
  - +25 Pizza Delivery
  - +25 Donut Shop
  - +25 Shrimp Boat
  - +25 Hockey Team
  - +25 Movie Studio
  - +25 Bank
  - +25 Oil Company
  - +25 Lemonade Stand
  - Newspaper Delivery profit x3
  - Car Wash profit x3
  - Pizza Delivery profit x3
  - Donut Shop profit x3
  - Shrimp Boat profit x3
  - Hockey Team profit x3
  - Movie Studio profit x3
  - Bank profit x3
  - Oil Company profit x3
  - Lemonade Stand profit x3
  - All profits x13.11
  - All profits x5
  - All profits x3
  - All profits x4
  - All profits x5
  - +25 Newspaper Delivery
  - +25 Car Wash
  - +25 Pizza Delivery
  - +25 Donut Shop
  - +25 Shrimp Boat
  - +25 Hockey Team
  - +25 Movie Studio
  - +25 Bank
  - +25 Oil Company
  - +25 Lemonade Stand
  - All profits x3
  - Newspaper Delivery profit x3
  - Car Wash profit x3
  - Pizza Delivery profit x3
  - Donut Shop profit x3
  - Shrimp Boat profit x3
  - Hockey Team profit x3
  - Movie Studio profit x3
  - Bank profit x3
  - Oil Company profit x3
  - Lemonade Stand profit x3
  - +25 Newspaper Delivery
  - +25 Car Wash
  - +25 Pizza Delivery
  - +25 Donut Shop
  - +25 Shrimp Boat
  - +25 Hockey Team
  - +25 Movie Studio
  - +25 Bank
  - +25 Oil Company
  - +25 Lemonade Stand
  - Newspaper Delivery profit x3
  - Car Wash profit x3
  - Pizza Delivery profit x3
  - Donut Shop profit x3
  - Shrimp Boat profit x3
  - Hockey Team profit x3
  - Movie Studio profit x3
  - Bank profit x3
  - Lemonade Stand profit x3
  - Oil Company profit x3
  - All profits x19
  - +25 Car Wash
  - +25 Shrimp Boat
  - +25 Hockey Team
  - +25 Bank
  - +25 Pizza Delivery
  - +25 Lemonade Stand
  - +25 Newspaper Delivery
  - +25 Donut Shop
  - +25 Movie Studio
  - +25 Oil Company
  upgradeCost:
  - 10000
  - 100000
  - 100000000
  - 100000000000
  - 25000000
  - 25000000
  - 25000000
  - 25000000
  - 100000000000
  - 250000000
  - 250000000
  - 250000000
  - 250000000
  - 25000000000
  - 25000000000
  - 25000000000
  - 25000000000
  - 1000000000000
  - 250000000000000
  - 750000000000000
  - 2000000000000000
  - 5000000000000000
  - 10000000000000000
  - 25000000000000000
  - 75000000000000000
  - 2e+18
  - 4e+18
  - 1e+18
  - 1e+21
  - 1e+22
  - 1e+22
  - 1e+22
  - 1e+22
  - 1e+22
  - 1e+23
  - 1e+23
  - 1e+23
  - 1e+23
  - 1e+23
  - 1e+31
  - 1e+32
  - 1e+33
  - 1e+34
  - 1e+36
  - 1e+40
  - 1e+42
  - 2e+42
  - 1e+47
  - 2e+47
  - 7e+47
  - 1e+48
  - 75000000000000000
  - 75000000000000000
  - 75000000000000000
  - 75000000000000000
  - 75000000000000000
  - 75000000000000000
  - 75000000000000000
  - 75000000000000000
  - 75000000000000000
  - 75000000000000000
  - 75000000000000000
  - 75000000000000000
  - 75000000000000000
  - 75000000000000000
  - 75000000000000000
  - 75000000000000000
  - 75000000000000000
  - 75000000000000000
  - 75000000000000000
  - 75000000000000000
  - 75000000000000000
  - 75000000000000000
  - 75000000000000000
  - 75000000000000000
  - 75000000000000000
  - 75000000000000000
  - 75000000000000000
  - 75000000000000000
  - 75000000000000000
  - 75000000000000000
  - 75000000000000000
  - 75000000000000000
  - 75000000000000000
  - 75000000000000000
  - 75000000000000000
  - 75000000000000000
  - 75000000000000000
  - 75000000000000000
  - 75000000000000000
  - 75000000000000000
  - 75000000000000000
  - 75000000000000000
  - 75000000000000000
  - 75000000000000000
  - 75000000000000000
  - 75000000000000000
  - 75000000000000000
  - 75000000000000000
  - 75000000000000000
  - 75000000000000000
  - 75000000000000000
  - 75000000000000000
  - 75000000000000000
  - 75000000000000000
  - 75000000000000000
  - 75000000000000000
  - 75000000000000000
  - 75000000000000000
  - 75000000000000000
  - 75000000000000000
  - 75000000000000000
  - 75000000000000000
  - 75000000000000000
  - 75000000000000000
  - 75000000000000000
  - 75000000000000000
  - 75000000000000000
  - 75000000000000000
  - 75000000000000000
  - 75000000000000000
  - 75000000000000000
  - 75000000000000000
  - 75000000000000000
  - 75000000000000000
  - 75000000000000000
  - 75000000000000000
  - 75000000000000000
  - 75000000000000000
  - 75000000000000000
  - 75000000000000000
  - 75000000000000000
  - 75000000000000000
  - 75000000000000000
  - 75000000000000000
  - 75000000000000000
  - 75000000000000000
  - 75000000000000000
  - 75000000000000000
  - 75000000000000000
  - 75000000000000000
  - 75000000000000000
  - 75000000000000000
  - 75000000000000000
  - 75000000000000000
  - 75000000000000000
  - 75000000000000000
  - 75000000000000000
  - 75000000000000000
  - 75000000000000000
  - 75000000000000000
  - 75000000000000000
  - 75000000000000000
  - 75000000000000000
  - 75000000000000000
  - 75000000000000000
  - 75000000000000000
  - 75000000000000000
  - 75000000000000000
  - 75000000000000000
  - 75000000000000000
  - 75000000000000000
  - 75000000000000000
  - 75000000000000000
  - 75000000000000000
  - 75000000000000000
  - 75000000000000000
  - 75000000000000000
  - 75000000000000000
  - 75000000000000000
  - 75000000000000000
  - 75000000000000000
  - 75000000000000000
  - 75000000000000000
  - 75000000000000000
  - 75000000000000000
  - 75000000000000000
  - 75000000000000000
  - 75000000000000000
  - 75000000000000000
  - 75000000000000000
  - 75000000000000000
  - 75000000000000000
  - 75000000000000000
  - 75000000000000000
  - 75000000000000000
  - 75000000000000000
  - 75000000000000000
  - 75000000000000000
  - 75000000000000000
  - 75000000000000000
  - 75000000000000000
  - 75000000000000000
  numProfit:
  - 3
  - 2
  - 2
  - 5
  - 10
  - 10
  - 10
  - 10
  - 9
  - 50
  - 50
  - 50
  - 50
  - 50
  - 50
  - 50
  - 50
  - 11
  - 3
  - 3
  - 3
  - 3
  - 3
  - 3
  - 3
  - 3
  - 3
  - 3
  - 15
  - 75
  - 75
  - 75
  - 75
  - 75
  - 75
  - 75
  - 75
  - 75
  - 75
  - 100
  - 100
  - 10
  - 15
  - 3
  - 5
  - 5
  - 50
  - 4
  - 6
  - 3
  - 3
  - 3
  - 3
  - 3
  - 3
  - 3
  - 10
  - 3
  - 3
  - 3
  - 3
  - 3
  - 3
  - 3
  - 3
  - 3
  - 3
  - 3
  - 3
  - 3
  - 3
  - 3
  - 3
  - 3
  - 3
  - 3
  - 3
  - 3
  - 3
  - 3
  - 3
  - 3
  - 3
  - 3
  - 3
  - 3
  - 3
  - 3
  - 3
  - 3
  - 3
  - 3
  - 3
  - 3
  - 3
  - 3
  - 3
  - 3
  - 3
  - 3
  - 3
  - 3
  - 3
  - 3
  - 3
  - 3
  - 3
  - 3
  - 3
  - 3
  - 3
  - 3
  - 3
  - 3
  - 3
  - 3
  - 3
  - 3
  - 3
  - 3
  - 3
  - 3
  - 3
  - 3
  - 3
  - 3
  - 3
  - 3
  - 3
  - 3
  - 3
  - 3
  - 3
  - 3
  - 3
  - 3
  - 3
  - 3
  - 3
  - 3
  - 3
  - 3
  - 3
  - 3
  - 3
  - 3
  - 3
  - 3
  - 3
  - 3
  - 3
  - 3
  - 3
  - 3
  - 3
  - 3
  - 3
  - 3
  - 3
  - 3
  - 3
  - 3
  - 3
  - 3
  - 3
  - 3
  - 3
  - 3
  - 3
  - 3
  - 3
  - 3
  - 3
  - 3
  - 3
  - 3
  - 3
  - 3
  - 3
  - 3
  - 3
  - 3
  - 3
  - 3
  - 3
  - 3
  - 3
  - 3
  - 3
  - 3
  - 3
  - 3
  - 3
  btnIcon:
  - {fileID: 21300000, guid: 1d7d37b82bb599747bd8a6316dc72db2, type: 3}
  - {fileID: 21300000, guid: 2df452747588bcc429ef99e982a23894, type: 3}
  - {fileID: 21300000, guid: 8473f4eccf4e1f040a73b8e8bf209be7, type: 3}
  - {fileID: 21300000, guid: 226db3f0450b07e4d996b80bd4ab73f0, type: 3}
  - {fileID: 21300000, guid: a43aa73bc27eb4f4cb6643918034e452, type: 3}
  - {fileID: 21300000, guid: fffbb9f45de385d429f07e0fb523e507, type: 3}
  - {fileID: 21300000, guid: 1ea5a0e89d78f7446a1b8f3ac1478670, type: 3}
  - {fileID: 21300000, guid: 9e5416b6276153648bcc4ba0e1d6a61b, type: 3}
  - {fileID: 21300000, guid: 03a0c54aa8e82744da03eeb96b2af505, type: 3}
  - {fileID: 21300000, guid: 106b63e2e40f03d4d927e980b578b54b, type: 3}
  - {fileID: 21300000, guid: 44e61537a6a18e54aa0e33f5dbb53b37, type: 3}
  AngelUpgradeObject:
  - {fileID: 0}
  - {fileID: 0}
  - {fileID: 0}
  - {fileID: 0}
  - {fileID: 0}
  - {fileID: 0}
  - {fileID: 0}
  - {fileID: 0}
  - {fileID: 0}
  - {fileID: 0}
  - {fileID: 0}
  - {fileID: 0}
  - {fileID: 0}
  - {fileID: 0}
  - {fileID: 0}
  - {fileID: 0}
  - {fileID: 0}
  - {fileID: 0}
  - {fileID: 0}
  - {fileID: 0}
  - {fileID: 0}
  - {fileID: 0}
  - {fileID: 0}
  - {fileID: 0}
  - {fileID: 0}
  - {fileID: 0}
  - {fileID: 0}
  - {fileID: 0}
  - {fileID: 0}
  - {fileID: 0}
  - {fileID: 0}
  - {fileID: 0}
  - {fileID: 0}
  - {fileID: 0}
  - {fileID: 0}
  - {fileID: 0}
  - {fileID: 0}
  - {fileID: 0}
  - {fileID: 0}
  - {fileID: 0}
  - {fileID: 0}
  - {fileID: 0}
  - {fileID: 0}
  - {fileID: 0}
  - {fileID: 0}
  - {fileID: 0}
  - {fileID: 0}
  - {fileID: 0}
  - {fileID: 0}
  - {fileID: 0}
  AngelUpgradeObjectPort:
  - {fileID: 0}
  - {fileID: 0}
  - {fileID: 0}
  - {fileID: 0}
  - {fileID: 0}
  - {fileID: 0}
  - {fileID: 0}
  - {fileID: 0}
  - {fileID: 0}
  - {fileID: 0}
  - {fileID: 0}
  - {fileID: 0}
  - {fileID: 0}
  - {fileID: 0}
  - {fileID: 0}
  - {fileID: 0}
  - {fileID: 0}
  - {fileID: 0}
  - {fileID: 0}
  - {fileID: 0}
  - {fileID: 0}
  - {fileID: 0}
  - {fileID: 0}
  - {fileID: 0}
  - {fileID: 0}
  - {fileID: 0}
  - {fileID: 0}
  - {fileID: 0}
  - {fileID: 0}
  - {fileID: 0}
  - {fileID: 0}
  - {fileID: 0}
  - {fileID: 0}
  - {fileID: 0}
  - {fileID: 0}
  - {fileID: 0}
  - {fileID: 0}
  - {fileID: 0}
  - {fileID: 0}
  - {fileID: 0}
  - {fileID: 0}
  - {fileID: 0}
  - {fileID: 0}
  - {fileID: 0}
  - {fileID: 0}
  - {fileID: 0}
  - {fileID: 0}
  - {fileID: 0}
  - {fileID: 0}
  - {fileID: 0}
  availToBuy: {r: 0, g: 1, b: 0.08627451, a: 1}
  notAvailToBuy: {r: 0, g: 1, b: 0.08627451, a: 1}
--- !u!114 &114741112869007986
MonoBehaviour:
  m_ObjectHideFlags: 1
  m_PrefabParentObject: {fileID: 0}
  m_PrefabInternal: {fileID: 100100000}
  m_GameObject: {fileID: 1864220120952806}
  m_Enabled: 1
  m_EditorHideFlags: 0
  m_Script: {fileID: 11500000, guid: 686a2a6ced70dc64a9e725781d0495e8, type: 3}
  m_Name: 
  m_EditorClassIdentifier: 
  MoneyManagerObj: {fileID: 0}
  mainGen: {fileID: 0}
  nameString:
  - Stocks
  - Bonds
  - Cars
  - Housing
  - Personal
  - Credit
  - Insurance
  - Debit
  - Savings
  - Space
  - All
  - Stocks
  - Bonds
  - Cars
  - Housing
  - Personal
  - Credit
  - Insurance
  - Debit
  - Savings
  - Space
  - All
  - Investor
  - Stocks
  - Bonds
  - Cars
  - Housing
  - Personal
  - Credit
  - Insurance
  - Debit
  - Savings
  - Space
  - All
  - Investor
  - Stocks
  - Bonds
  - Cars
  - Housing
  - Personal
  - Credit
  - Insurance
  - Debit
  - Savings
  - Space
  - All
  - Investor
  - Stocks
  - Bonds
  - Cars
  - Housing
  - Personal
  - Credit
  - Insurance
  - Debit
  - Savings
  - Space
  - All
  - Bonds
  - Cars
  - Housing
  - Personal
  - Credit
  - Insurance
  - Debit
  - Savings
  - Space
  - Stocks
  - All
  - Bonds
  - Cars
  - Housing
  - Personal
  - Credit
  - Insurance
  - Debit
  - Savings
  - Space
  - Stocks
  - All
  - All
  - All
  - Bonds
  - Cars
  - All
  - Housing
  - Personal
  - All
  - Credit
  - Insurance
  - All
  - Debit
  - Savings
  - All
  - Space
  - Stocks
  - All
  - All
  - Bonds
  - Cars
  - Housing
  - Personal
  - Credit
  - Insurance
  - Debit
  - Savings
  - Space
  - Stocks
  - All
  - Bonds
  - Cars
  - Housing
  - Personal
  - Credit
  - Insurance
  - Debit
  - All
  - All
  - Savings
  - Space
  - Stocks
  - All
  - All
  - Cars
  - Cars
  - Cars
  - Housing
  - Housing
  - Housing
  - Personal
  - Personal
  - Personal
  - All
  - Credit
  - Credit
  - Credit
  - Insurance
  - Insurance
  - Insurance
  - All
  - Debit
  - Debit
  - Debit
  - Savings
  - Savings
  - Savings
  - Space
  - Space
  - Space
  - All
  nameUpgrade_1:
  - Little BTC Miner
  - Bondi Beach
  - Drive Through Loans
  - Condominiums
  - Pre-packaged Lite Coin
  - Credit Satellite
  - Team NEO
  - 'Smart Contractsable '
  - Gold Plated Vaults
  - Team Jet
  - Monopoly
  - Novelty BTC Miner
  - Team ETH
  - Automatic Loan
  - Online Application
  - Personal Goals
  - Card Magnet
  - NEO Sponsors
  - Positive Mark
  - Free Fancy Pens
  - Ecosafe Rocket
  - Monopsony
  - Holy Moola
  - Imported BTC Miner
  - Business ETH
  - Metal Cars
  - Housing Deliveries
  - Personal Sprinkles
  - Ripple Taker
  - GPS NEO Tracker
  - Smart Contracts-O-vision
  - BlockChain Implant
  - Moonwalk
  - Illuminati
  - Immaculate Consumption
  - GPS Tracker BTC Miner
  - Company ETH
  - Blue Colored Sedan
  - Stuffed House
  - Free Coffee for Loans
  - 3D Printed Cards
  - Duke of NEO
  - James Smart Contractsted
  - Dodgecoin
  - Biodiesel Spacecrafts
  - Profit Prophet
  - Eternal Revenue Service
  - Gold Plated BTC Miner
  - Celebrity ETH
  - Red Car Bikino
  - Desert Houses
  - Extra Loans
  - Hollywood Cards
  - Holy NEO
  - Rebooted Smart Contracts
  - Novelty Checks
  - Solar Powered Space Trucks
  - Super PAC Man
  - Low ETH
  - Car Buffers
  - Recyclable Houses
  - Lite Coin Galore
  - Shop all You Want
  - Insured Teddy
  - Debbie House
  - Friendly Staffs
  - Space Travels
  - Stocking BTC Miner
  - Trust Buster Buster
  - ETH Detector
  - New Car Agents
  - House of Games
  - Graham's Personal Loan
  - Cards Life
  - Teeth NEO
  - Post-Smart Contracts
  - No Service Charges
  - Aliens NEO
  - Unlimited BTC Miner
  - Smiles Are Free
  - Heavenly Tax Shelter
  - Employ Humanity
  - Old Charm ETH
  - Small Car
  - Moxie Injections
  - Refrigerated House
  - Interest Friendly Loans
  - Immortality Research
  - Take a Credit
  - Soundtrack NEO
  - Your Body Is Ready
  - Personal Smart Contracts
  - Golden BlockChain
  - A Towel
  - No Air on Space
  - Hope on BTC Miner
  - LOTS of Sticky Notes
  - Pi Charts
  - Faux ETH
  - Free Side Mirror
  - SuperHouse Status
  - King of Loans
  - Deadliest Interest Hike
  - Shiny NEO Agents
  - Smart Contracts For Me
  - +1% Interest
  - Asteroid Space Rangers
  - Mistocks
  - Golden Parachute
  - Black Friday ETH
  - Crash Memorial Car Sale
  - Midnight BTC Cash
  - Holiday Personal Loands
  - Beef Kebabs Cards
  - Midnight NEO
  - Pleasing Debbie Smart Contracts
  - Googol
  - 2 Googols
  - BlockChain Bailout
  - Pumping Gas to Rocket
  - Cyber Monday BTC Miner
  - Recession Progression
  - Capitaltastic
  - Dodge Coin Focus
  - Enable Employees
  - Diversify Brand
  - Housing Focus
  - Adorable Houses
  - 'Free Table '
  - Lite Coin Focus
  - Ok Loan
  - Hand Made Loans
  - Stock Tips
  - Credit Card Focus
  - Tiny Cards
  - Ripple Implants
  - NEO Focus
  - Cloud NEO
  - Friendly Agent
  - Guitar Shaped Mansions
  - Smart Contracts Focus
  - Smart Contracts Launches
  - More Smart Contracts Sparkles
  - BlockChain Focus
  - MicroBank BlockChain
  - Rural Bank BlockChain
  - Your Own ICO Focused
  - 'Space Astronauts '
  - Space Climate
  - Disposable Veyrons
  - BTC Miner Focus
  - Blue Chips BTC Miner
  - Money on the BTC Miner
  - ETH Focus
  - ETH Advertising
  - Free Bond Sheets
  - The Capital City
  - Make it Big
  - Printed on Special Paper
  - Car Thieves
  - Low BTC Cash
  - Personal Freedom Loans
  - Cardmazing
  - NEO Lessons
  - Drama Smart Contracts
  - You can Save on it
  - Space Hybrid
  - Frosted BTC Miner
  - Gangs Proposal
  - Frankly Serious Deals
  - Bonderiffic
  - Mr. Thomas
  - It's a House
  - It's a Loan
  - Credit Card Show with Jimmy
  - Heated NEO
  - Smart Contracts-ception
  - Fast Cash BlockChain
  - Mooneriffic
  - Ghostly  BTC Miner
  - Cross Promotions
  - Cartastic!
  - Free Chocolates
  - House Shakers
  - Space Pranks
  - Con-BTC Miner-cious
  - More Benefits
  - Public ETH
  - Pre-Screen Debut
  - Holiday Loans
  - Inspiring Cards
  - Tax Exemptions
  - Slow ETH
  - Slow Cars
  - Slow Housing Sales
  - Lite Coin Conference
  - Antihistamine Ripple
  - Get Your NEO
  - Anti-Thieves
  - BlockChain Oriented Seminar
  - Marstastic!
  - Suppressed BTC Miner
  - Restructuring
  - Price Reduced ETH
  - Sign Spinners for Dodge Coin
  - Buzzing Signs
  - Couch Cushions Check
  - Tax Free Tuesdays
  - Supplementary Cards
  - Kids NEO
  - Cheap Smart Contracts
  - Re-BlockChain
  - Think Space
  - Artificial BTC Miner
  - Market Recovery
  - ETH Ads
  - Germaphobic Car
  - Housing Secrets
  - Mildy Addictive Loans
  - Credit Card Diet
  - Collectible NEO
  - Effective Smart Contracts
  - Staff BlockChain
  - Rock 'n Roll
  - 3 Star Stands
  - '''e'' Business'
  - Inflate Demand
  - Life Saving Instructions
  - Lifetime Guarantees
  - Tax Free BlockChain
  - Reading Club
  - Gas Additives
  - Vending Machines
  - Only Moisture Source
  - Hypnotic Jumbotrons
  - More Superheros
  - Four Score
  - Shrimp Consultants
  - Yes Men
  - Rainbow Suds
  - Tinted Windows
  - Cloth Napkins
  - Pay At The Pump
  - Mood Lighting
  - Fresh Paint
  - 24 Hour Channel
  - Self Serve Butter
  - Oh say, can you 'c'?
  - Sustainable Methods
  - Biodegradable Pages
  - Scan to Pay
  - Wheelchair Ramps
  - Clean Bathrooms
  - Smog Recycling
  - Memberships
  - Themed Idle Game
  - Vuvuzelas
  - Partisan Documentaries
  - Optimize Prime
  - The Great Movie Upgrade
  - Abacus Upgrades
  - The Huge Newspaper Upgrade
  - Reinvest Profits
  - The Big Dodge Coin Upgrade
  - Placate Investors
  - The Fat BlockChain Upgrade
  - Market Buzz
  - The Great Shrimp Upgrade
  - Break the Piggy BlockChain
  - The Massive Hockey Upgrade
  - Bed Mattress BlockChain
  - The Vast Oil Upgrade
  - Wad Patent
  - The Mega Lemon Upgrade
  - Cornu Copiae
  - The x Large Pizza Upgrade
  - Faboulus Fiat
  - The Jumbo Donut Upgrade
  - Brobdingnagian Upgrade
  - The Final Countdown?
  - Cana-dough Exchange
  - Diamond Teeth
  - Discontinue Pennies
  - T-Shirts For All
  - Wandering Magicians
  - Neato Bike Fleet
  - New Paint Job
  - Double Ply Napkins
  - Swivel Chair
  - Trusty Nets
  - Skate Sharpeners
  - Weather Proof Cameras
  - Velvety ropes
  - Tea for protestors
  - More BTC Miner
  - More ETH
  - To-you-ta
  - Housing Tracker
  - Personal Loan Tracker
  - The
  - Superflous Cards
  - Anger NEO
  - Short Smart Contracts
  - Free Pens
  - Space Machine
  - Chocolate Money
  - End
  - Old BTC Miner
  - AerodynamicETH
  - Can Transform
  - Aerodynamic Houses
  - Crispy Lite Coin
  - Blended With It
  - Brady Did It
  - More Smart Contracts
  - Scratch N Sniff Notes
  - Stress Balls in Space
  - BTC Miner Scientist
  - ETH Management
  - Classic Cars
  - Housing Shows
  - Lite Coin New Slogan
  - Responsibly Sourced Cards
  - Times
  - Skull Helmets NEO
  - Call In Debbie Smart Contracts
  - Sassy Cashiers
  - Space Makeover
  - Cross The Stream-ables
  - BTC Minercycling
  - Bamboo-based ETH
  - Scifi Car Sound Effects
  - Anti-Rust Roof Sealant
  - Are
  - Bigger Houses
  - Credit Lessons
  - Extra Slippery
  - Soft Opening
  - Cash Vaults
  - Operation Wall-E
  - 'BTC Miner Clearings '
  - Controversial Headline
  - Quick Queues
  - Upon
  - Asbestos Free
  - 10,000 Folds
  - Credit Exit
  - Robot NEOs
  - 'Smart Contractsteres '
  - Evil BlockChain
  - Helpful Space Rider
  - Us
  - Best
  - Mini-BTC Miner
  - Worthy ETH
  - Car Explosions
  - Self-Serving Houses
  - Forbidden Loans
  - Mini Ripple
  - Better NEO Papers
  - Scheduled Smart Contracts
  - A BlockChain
  - Space Drivers
  - Reinvest Dividends
  - Prepare
  - Colorful BTC Miner
  - Vegan Free Paper
  - Your
  - Fire  Proofing
  - Earth
  - Ghost-repellant
  - Diplomatic Immunity
  - Flood NEO
  - Free College NEO
  - Smart Contracts-In-Need
  - ATMs
  - Mega Rocket
  - BTC Miner Improvement
  - Discover New ETH
  - Golden Driver
  - Hunger for Housing
  - Personalized Lite Coin
  - Waterproof Cards
  - Piggy Banks
  - Legion
  - The Final Frontier
  - 'Smart Contracts Smart '
  - BlockChain Receipts
  - Really Big Metreorites
  - More BTC Miner
  - ETH to the Future
  - Awe-inspiring Cars
  - These Are the Outcomes
  - 4 Storey House
  - Lite Coin Research
  - Cloned Cards
  - Free Punches
  - More Interest
  - Awesome New BlockChain Program
  - Tycoon-y Executive Suits
  - Tycoons
  - Extra BTC Miner
  - Of The System
  - James, James Bond
  - Car Parks
  - Exotic Housing Areas
  - Smaller Interest Rates
  - Adobrable Personalized Cards
  - Butt Guards
  - Super Nice Gofers
  - Ample Parking
  - Non-Gravity Suit
  - For
  - They Call Capitalism
  - The
  - And It's Neverending Pursuit
  - Final
  - One Workforce. One Uniform.
  - To Profit At Any Cost
  - BTC Miner Applications
  - Anti-Bond Papers
  - Manicures While You Wait
  - Housing Discovery
  - 'Surchage Free '
  - Gentler Ripple
  - Endless Coverage
  - Vegan Smart Contracts
  - BlockChain Galore
  - Spin Department
  - Bold BTC Miner Claims
  - Paper ETH Packs
  - Catchy Music
  - Housing Singularity
  - Battle
  - One Stop Shops
  - To Destroy New Worlds
  - Ripple Ever
  - More Jackets For Protection
  - Debbie Smart Contracts The Movie
  - Slide-N-Slip Space Parks
  - On
  - Mood Lighting
  - Actual Fortune Cookies
  - Spray-Based BTC Miner
  - Extinct Life
  - Ultra Interest Free Editions
  - Nonjudgemental Car Stickers
  - 9th Dimensional Houses
  - Chicken Rings
  - Earth
  - Anti-Cloning Artilery
  - And Enslave Civilization
  - Cavier Popcorn
  - Hilarious Advertisements
  - Laser Defense Banking Systems
  - Moon Crates
  - BTC Miner Implants
  - If
  - Reprinting Classic Editions
  - To Boldly Grow
  - Limited Edition Ferrari
  - Housing Drone Tech
  - Really Big Lite Coin
  - Credit Card Album
  - NEO Talkies
  - Isotope-Free Interest
  - Potted Money Saving Trees
  - You
  - Anti-Gravity Everything
  - (To No End)
  - Deregulation
  - Win
  - Buy Out Competition
  - You
  - Copyright 'ETH'
  - Patent 'Cars'
  - Brand 'Housing'
  - Monopolize Your Business
  - Impose Sanctions
  - Secure NEO Coverage
  - Condemn Pirates
  - Will
  - As No System
  - Print All Currency
  - Trademark Space Rocket
  - Be
  - Has Ever Grown
  - Set
  - Before
  - Free!
  - Buy ETH Personally
  - Apply Dodge Coin Personally
  - Apply BTC Cash Personally
  - Make Lite Coin Personally
  - Apply Ripple Personally
  - Buy NEO Personally
  - Direct Movies Personally
  - Count Money Personally
  - Travel Space Personally
  - Live Rich
  - And Profit!
  nameUpgradeString_2:
  - Beach Drinks profit x3
  - Pool Cabanas profit x3
  - Scuba Lessons profit x3
  - Parasailing profit x3
  - Sunset Restaurant profit x3
  - Island Day Tours profit x3
  - Private Boating profit x3
  - Beach Hotel profit x3
  - Resort Chain profit x3
  - Airline profit x3
  - All profits x9
  - Beach Drinks profit x3
  - Pool Cabanas profit x3
  - Scuba Lessons profit x3
  - Parasailing profit x3
  - Sunset Restaurant profit x3
  - Island Day Tours profit x3
  - Private Boating profit x3
  - Beach Hotel profit x3
  - Resort Chain profit x3
  - Airline profit x3
  - All profits x9
  - Angel Investor effectiveness + 1%
  - All profits x9
  - Beach Drinks profit x3
  - Pool Cabanas profit x3
  - Scuba Lessons profit x3
  - Parasailing profit x3
  - Sunset Restaurant profit x3
  - Island Day Tours profit x3
  - Private Boating profit x3
  - Beach Hotel profit x3
  - Resort Chain profit x3
  - Airline profit x3
  - All profits x9
  - Angel Investor effectiveness + 1%
  - Beach Drinks profit x3
  - Pool Cabanas profit x3
  - Scuba Lessons profit x3
  - Parasailing profit x3
  - Sunset Restaurant profit x3
  - Island Day Tours profit x3
  - Private Boating profit x3
  - Beach Hotel profit x3
  - Resort Chain profit x3
  - Airline profit x3
  - All profits x9
  - Angel Investor effectiveness + 1%
  - Beach Drinks profit x3
  - Pool Cabanas profit x3
  - Scuba Lessons profit x3
  - Parasailing profit x3
  - Sunset Restaurant profit x3
  - Island Day Tours profit x3
  - Private Boating profit x3
  - Beach Hotel profit x3
  - Resort Chain profit x3
  - Airline profit x3
  - All profits x9
  - Beach Drinks profit x5
  - Pool Cabanas profit x5
  - Scuba Lessons profit x5
  - Parasailing profit x5
  - Sunset Restaurant profit x5
  - Island Day Tours profit x5
  - Private Boating profit x5
  - Beach Hotel profit x5
  - Resort Chain profit x5
  - Airline profit x5
  - All profits x9
  - All profits x9
  - Angel Investor effectiveness + 3%
  - Beach Drinks profit x3
  - Pool Cabanas profit x3
  - Scuba Lessons profit x3
  - Parasailing profit x3
  - Sunset Restaurant profit x3
  - Island Day Tours profit x3
  - Private Boating profit x3
  - Beach Hotel profit x3
  - Resort Chain profit x3
  - Airline profit x3
  - All profits x9
  - Beach Drinks profit x3
  - Pool Cabanas profit x3
  - Scuba Lessons profit x3
  - Parasailing profit x3
  - Sunset Restaurant profit x3
  - Island Day Tours profit x3
  - Private Boating profit x3
  - Beach Hotel profit x3
  - Resort Chain profit x3
  - Airline profit x3
  - All profits x9
  - Beach Drinks profit x3
  - Pool Cabanas profit x3
  - Scuba Lessons profit x3
  - Parasailing profit x3
  - Sunset Restaurant profit x3
  - Island Day Tours profit x3
  - Private Boating profit x3
  - Beach Hotel profit x3
  - Resort Chain profit x3
  - Airline profit x3
  - All profits x9
  - Angel Investor effectiveness + 3%
  - Beach Drinks profit x3
  - Pool Cabanas profit x3
  - Scuba Lessons profit x3
  - Parasailing profit x3
  - Sunset Restaurant profit x3
  - Island Day Tours profit x3
  - Private Boating profit x3
  - Beach Hotel profit x3
  - Resort Chain profit x3
  - Airline profit x3
  - All profits x3
  - Beach Drinks profit x5
  - Pool Cabanas profit x5
  - Scuba Lessons profit x5
  - Parasailing profit x5
  - Sunset Restaurant profit x5
  - Island Day Tours profit x5
  - Private Boating profit x5
  - Beach Hotel profit x5
  - Resort Chain profit x5
  - Airline profit x5
  - All profits x5
  - Beach Drinks profit x3
  - Pool Cabanas profit x3
  - Scuba Lessons profit x3
  - Parasailing profit x3
  - Sunset Restaurant profit x3
  - Island Day Tours profit x3
  - Private Boating profit x3
  - Beach Hotel profit x3
  - Resort Chain profit x3
  - Airline profit x3
  - All profits x3
  - Beach Drinks profit x3
  - Pool Cabanas profit x3
  - Scuba Lessons profit x3
  - Parasailing profit x3
  - Sunset Restaurant profit x3
  - Island Day Tours profit x3
  - Private Boating profit x3
  - Beach Hotel profit x3
  - Resort Chain profit x3
  - Airline profit x3
  - All profits x3
  - Beach Drinks profit x3
  - Pool Cabanas profit x3
  - Scuba Lessons profit x3
  - Parasailing profit x3
  - Sunset Restaurant profit x3
  - Island Day Tours profit x3
  - Private Boating profit x3
  - Beach Hotel profit x3
  - Resort Chain profit x3
  - Airline profit x3
  - All profits x9
  - Beach Drinks profit x3
  - Pool Cabanas profit x3
  - Scuba Lessons profit x3
  - Parasailing profit x3
  - Sunset Restaurant profit x3
  - Island Day Tours profit x3
  - Private Boating profit x3
  - Beach Hotel profit x3
  - Resort Chain profit x3
  - Airline profit x3
  - All profits x9
  - Beach Drinks profit x2
  - Pool Cabanas profit x2
  - Scuba Lessons profit x2
  - Parasailing profit x2
  - Sunset Restaurant profit x2
  - Island Day Tours profit x2
  - Private Boating profit x2
  - Beach Hotel profit x2
  - Resort Chain profit x2
  - Airline profit x2
  - All profits x2
  - Beach Drinks profit x11
  - Pool Cabanas profit x11
  - Scuba Lessons profit x11
  - Parasailing profit x11
  - Sunset Restaurant profit x11
  - Island Day Tours profit x11
  - Private Boating profit x11
  - Beach Hotel profit x11
  - Resort Chain profit x11
  - Airline profit x11
  - All profits x11
  - Beach Drinks profit x3
  - Pool Cabanas profit x3
  - Scuba Lessons profit x3
  - Parasailing profit x3
  - Sunset Restaurant profit x3
  - Island Day Tours profit x3
  - Private Boating profit x3
  - Beach Hotel profit x3
  - Resort Chain profit x3
  - Airline profit x3
  - All profits x3
  - Beach Drinks profit x3
  - Pool Cabanas profit x3
  - Scuba Lessons profit x3
  - Parasailing profit x3
  - Sunset Restaurant profit x3
  - Island Day Tours profit x3
  - Private Boating profit x3
  - Beach Hotel profit x3
  - Resort Chain profit x3
  - Airline profit x3
  - All profits x3
  - Beach Drinks profit x3
  - Pool Cabanas profit x3
  - Scuba Lessons profit x3
  - Parasailing profit x3
  - Sunset Restaurant profit x3
  - Island Day Tours profit x3
  - Private Boating profit x3
  - Beach Hotel profit x3
  - Resort Chain profit x3
  - Airline profit x3
  - All profits x3
  - Beach Drinks profit x3
  - Pool Cabanas profit x3
  - Scuba Lessons profit x3
  - Parasailing profit x3
  - Sunset Restaurant profit x3
  - Island Day Tours profit x3
  - Private Boating profit x3
  - Beach Hotel profit x3
  - Resort Chain profit x3
  - Airline profit x3
  - All profits x3
  - Beach Drinks profit x3
  - Pool Cabanas profit x3
  - Scuba Lessons profit x3
  - Parasailing profit x3
  - Sunset Restaurant profit x3
  - Island Day Tours profit x3
  - Private Boating profit x3
  - Beach Hotel profit x3
  - Resort Chain profit x3
  - Airline profit x3
  - All profits x3
  - Beach Drinks profit x5
  - Pool Cabanas profit x5
  - Scuba Lessons profit x5
  - Parasailing profit x5
  - Sunset Restaurant profit x5
  - Island Day Tours profit x5
  - Private Boating profit x5
  - Beach Hotel profit x5
  - Resort Chain profit x5
  - Airline profit x5
  - All profits x5
  - Beach Drinks profit x3
  - Pool Cabanas profit x3
  - Scuba Lessons profit x3
  - Parasailing profit x3
  - Sunset Restaurant profit x3
  - Island Day Tours profit x3
  - Private Boating profit x3
  - Beach Hotel profit x3
  - Resort Chain profit x3
  - Airline profit x3
  - All profits x3
  - Beach Drinks profit x3
  - Pool Cabanas profit x3
  - Scuba Lessons profit x3
  - Parasailing profit x3
  - Sunset Restaurant profit x3
  - Island Day Tours profit x3
  - Private Boating profit x3
  - Beach Hotel profit x3
  - Resort Chain profit x3
  - Airline profit x3
  - All profits x3
  - Beach Drinks profit x15
  - Pool Cabanas profit x15
  - Scuba Lessons profit x15
  - Parasailing profit x15
  - Sunset Restaurant profit x15
  - Island Day Tours profit x15
  - Private Boating profit x15
  - Beach Hotel profit x15
  - Resort Chain profit x15
  - Airline profit x15
  - All profits x999
  upgradeCost:
  - 25000
  - 50000
  - 100000
  - 500000
  - 1000000
  - 2500000
  - 500000000
  - 10000000000
  - 50000000000
  - 250000000000
  - 1000000000000
  - 20000000000000
  - 50000000000000
  - 100000000000000
  - 500000000000000
  - 1000000000000000
  - 2000000000000000
  - 5000000000000000
  - 7000000000000000
  - 10000000000000000
  - 20000000000000000
  - 50000000000000000
  - 1e+17
  - 2e+18
  - 5e+18
  - 7e+18
  - 1e+19
  - 2e+19
  - 3.5e+19
  - 5e+19
  - 7.5e+19
  - 1e+20
  - 2e+20
  - 5e+20
  - 1e+21
  - 2.5e+22
  - 5e+22
  - 1e+23
  - 2e+23
  - 3e+23
  - 4e+23
  - 5e+23
  - 6e+23
  - 7e+23
  - 8e+23
  - 9e+23
  - 1e+25
  - 1e+27
  - 5e+27
  - 2.5e+28
  - 1e+29
  - 2.5e+29
  - 5e+29
  - 1e+30
  - 5e+30
  - 2.5e+31
  - 5e+31
  - 1e+42
  - 5e+42
  - 2.5e+43
  - 5e+43
  - 1e+44
  - 2.5e+44
  - 5e+44
  - 1e+45
  - 5e+45
  - 1e+46
  - 2.5e+46
  - 1e+47
  - 2.5e+47
  - 5e+47
  - 7.5e+47
  - 1e+48
  - 5e+48
  - 1.5e+49
  - 5e+49
  - 1e+50
  - 2.5e+50
  - 5e+50
  - 1e+51
  - 1e+54
  - 1e+60
  - 1e+61
  - 1e+62
  - 1e+66
  - 1e+67
  - 1e+68
  - 1e+72
  - 1e+73
  - 1e+74
  - 1e+75
  - 1e+76
  - 1e+77
  - 1e+78
  - 1e+79
  - 1e+80
  - 1e+84
  - 3e+87
  - 1e+90
  - 5e+90
  - 2.5e+91
  - 5e+91
  - 2.5e+91
  - 5e+91
  - 1e+92
  - 2.5e+92
  - 5e+92
  - 1e+93
  - 5e+93
  - 2e+96
  - 1.1e+97
  - 6.6e+97
  - 2.3e+98
  - 4e+98
  - 7e+98
  - 4e+99
  - 1e+100
  - 2e+100
  - 2.9e+100
  - 1.45e+101
  - 3e+101
  - 5e+101
  - 1e+102
  - 5e+102
  - 1.5e+104
  - 4e+104
  - 9e+104
  - 6e+106
  - 1.5e+107
  - 6e+107
  - 1.85e+108
  - 5e+108
  - 6e+108
  - 7.5e+108
  - 5e+108
  - 4.5e+109
  - 1.25e+110
  - 3e+110
  - 9e+110
  - 1e+111
  - 5e+111
  - 7e+112
  - 2.5e+113
  - 5e+113
  - 9e+113
  - 3e+114
  - 1.5e+115
  - 7.5e+115
  - 4e+116
  - 4.5e+116
  numProfit_1:
  - 3
  - 3
  - 3
  - 3
  - 3
  - 3
  - 3
  - 3
  - 3
  - 3
  - 3
  - 3
  - 3
  - 3
  - 3
  - 3
  - 3
  - 3
  - 3
  - 3
  - 3
  - 3
  - 1
  - 3
  - 3
  - 3
  - 3
  - 3
  - 3
  - 3
  - 3
  - 3
  - 3
  - 3
  - 1
  - 3
  - 3
  - 3
  - 3
  - 3
  - 3
  - 3
  - 3
  - 3
  - 3
  - 3
  - 2
  - 7
  - 7
  - 7
  - 7
  - 7
  - 7
  - 7
  - 7
  - 7
  - 7
  - 7
  - 3
  - 3
  - 3
  - 3
  - 3
  - 3
  - 3
  - 3
  - 3
  - 3
  - 3
  - 3
  - 3
  - 3
  - 3
  - 3
  - 3
  - 3
  - 3
  - 3
  - 3
  - 7
  - 5
  - 7
  - 3
  - 3
  - 9
  - 3
  - 3
  - 11
  - 3
  - 3
  - 13
  - 3
  - 3
  - 15
  - 3
  - 3
  - 3
  - 3.1415925
  - 3
  - 3
  - 3
  - 3
  - 3
  - 3
  - 3
  - 3
  - 3
  - 3
  - 2
  - 2
  - 2
  - 2
  - 2
  - 2
  - 2
  - 2
  - 3
  - 6
  - 2
  - 2
  - 2
  - 2
  - 5
  - 3
  - 3
  - 3
  - 3
  - 3
  - 3
  - 2
  - 3
  - 3
  - 3
  - 2
  - 3
  - 3
  - 3
  - 3
  - 3
  - 3
  - 2
  - 3
  - 3
  - 3
  - 3
  - 3
  - 3
  - 3
  - 3
  - 3
  - 3
  - 3
  - 3
  - 3
  - 3
  - 3
  - 5
  - 3
  - 3
  - 3
  - 3
  - 3
  - 3
  - 3
  - 3
  - 3
  - 3
  - 3
  - 6.66
  - 3
  - 3
  - 3
  - 3
  - 3
  - 3
  - 3
  - 3
  - 3
  - 3
  - 3
  - 5
  - 3
  - 3
  - 3
  - 3
  - 3
  - 3
  - 3
  - 3
  - 3
  - 3
  - 2
  - 2
  - 2
  - 2
  - 2
  - 2
  - 2
  - 2
  - 2
  - 2
  - 2
  - 3
  - 3
  - 3
  - 3
  - 3
  - 3
  - 3
  - 3
  - 3
  - 3
  - 3
  - 3
  - 3
  - 3
  - 3
  - 3
  - 3
  - 3
  - 3
  - 3
  - 3
  - 3
  - 3
  - 2.71828
  - 5
  - 5
  - 5
  - 5
  - 5
  - 5
  - 5
  - 5
  - 5
  - 5
  - 4.4444447
  - 2
  - 2
  - 2
  - 2
  - 2
  - 2
  - 2
  - 2
  - 2
  - 2
  - 2.9979246
  - 3
  - 3
  - 3
  - 3
  - 3
  - 3
  - 3
  - 3
  - 3
  - 3
  - 2.35711
  - 24
  - 2
  - 22
  - 2
  - 20
  - 2
  - 18
  - 2
  - 16
  - 2
  - 14
  - 2
  - 12
  - 2
  - 10
  - 2
  - 8
  - 2
  - 4
  - 9
  - 9.876543
  - 5
  - 3
  - 4
  - 5
  - 3
  - 3
  - 3
  - 3
  - 3
  - 3
  - 3
  - 3
  - 3
  - 3
  - 3
  - 3
  - 3
  - 3
  - 3
  - 2.1
  - 3
  - 3
  - 3
  - 3
  - 3
  - 5
  - 1.5
  - 11
  - 11
  - 11
  - 11
  - 11
  - 11
  - 11
  - 11
  - 11
  - 11
  - 3
  - 3
  - 3
  - 3
  - 3
  - 3
  - 1
  - 3
  - 3
  - 3
  - 3
  - 5
  - 3
  - 3
  - 3
  - 3
  - 2
  - 3
  - 3
  - 3
  - 3
  - 3
  - 3
  - 3
  - 3
  - 3
  - 0.5
  - 3
  - 3
  - 3
  - 3
  - 3
  - 3
  - 3
  - 2
  - 1.2
  - 7
  - 7
  - 7
  - 7
  - 7
  - 7
  - 7
  - 7
  - 7
  - 7
  - 5
  - 1.3
  - 3
  - 3
  - 0.7
  - 3
  - 2
  - 3
  - 3
  - 3
  - 3
  - 3
  - 3
  - 3
  - 3
  - 3
  - 3
  - 3
  - 3
  - 3
  - 3
  - 2
  - 4
  - 3
  - 3
  - 3
  - 2
  - 2
  - 2
  - 3
  - 2
  - 2
  - 2
  - 2
  - 2
  - 2
  - 2
  - 1
  - 2
  - 6
  - 2
  - 2
  - 2
  - 2
  - 2
  - 2
  - 2
  - 2
  - 2
  - 1.5
  - 4
  - 0.9
  - 7
  - 0.6
  - 5
  - 2
  - 3
  - 3
  - 3
  - 3
  - 3
  - 3
  - 3
  - 3
  - 3
  - 3
  - 9
  - 9
  - 9
  - 9
  - 1
  - 9
  - 6
  - 9
  - 9
  - 9
  - 9
  - 1.1
  - 9
  - 2
  - 3
  - 5
  - 3
  - 3
  - 3
  - 3
  - 0.9
  - 3
  - 5
  - 3
  - 3
  - 3
  - 3
  - 3
  - 2
  - 3
  - 3
  - 3
  - 3
  - 3
  - 3
  - 3
  - 3
  - 3
  - 3
  - 3
  - 7
  - 5
  - 4
  - 7
  - 1
  - 7
  - 7
  - 7
  - 7
  - 7
  - 7
  - 7
  - 5
  - 4
  - 7
  - 7
  - 2.1
  - 5
  - 4
  - 7.77
  - 5
  - 13
  - 13
  - 13
  - 13
  - 13
  - 13
  - 13
  - 13
  - 13
  - 7.77
  - 77.77
  btnIcon:
  - {fileID: 21300000, guid: 511671b561a51284fb0754d67fd1f1ff, type: 3}
  - {fileID: 21300000, guid: 53b7af76fc664c3499d7d6e3553a51e9, type: 3}
  - {fileID: 21300000, guid: 6ce92937ab03aab4dacae6be345fcf74, type: 3}
  - {fileID: 21300000, guid: 3d7d0e3a0485a114c9eee902e81c1373, type: 3}
  - {fileID: 21300000, guid: 4fcb25f5b0fe84543b8c9816763c07aa, type: 3}
  - {fileID: 21300000, guid: ae06fc092bcd5174fb3ed3bb67e9dd11, type: 3}
  - {fileID: 21300000, guid: afc5fc6cbff7d464eb8b93b8def51d7a, type: 3}
  - {fileID: 21300000, guid: cc0670cd7aad8c04cb2ee447126635a6, type: 3}
  - {fileID: 21300000, guid: d25a626e1a24caf44b908851aeffee89, type: 3}
  - {fileID: 21300000, guid: 44e61537a6a18e54aa0e33f5dbb53b37, type: 3}
  - {fileID: 21300000, guid: 44e61537a6a18e54aa0e33f5dbb53b37, type: 3}
  CashUpgradeObject:
  - {fileID: 0}
  - {fileID: 0}
  - {fileID: 0}
  - {fileID: 0}
  - {fileID: 0}
  - {fileID: 0}
  - {fileID: 0}
  - {fileID: 0}
  - {fileID: 0}
  - {fileID: 0}
  - {fileID: 0}
  - {fileID: 0}
  - {fileID: 0}
  - {fileID: 0}
  - {fileID: 0}
  - {fileID: 0}
  - {fileID: 0}
  - {fileID: 0}
  - {fileID: 0}
  - {fileID: 0}
  - {fileID: 0}
  - {fileID: 0}
  - {fileID: 0}
  - {fileID: 0}
  - {fileID: 0}
  - {fileID: 0}
  - {fileID: 0}
  - {fileID: 0}
  - {fileID: 0}
  - {fileID: 0}
  - {fileID: 0}
  - {fileID: 0}
  - {fileID: 0}
  - {fileID: 0}
  - {fileID: 0}
  - {fileID: 0}
  - {fileID: 0}
  - {fileID: 0}
  - {fileID: 0}
  - {fileID: 0}
  - {fileID: 0}
  - {fileID: 0}
  - {fileID: 0}
  - {fileID: 0}
  - {fileID: 0}
  - {fileID: 0}
  - {fileID: 0}
  - {fileID: 0}
  - {fileID: 0}
  - {fileID: 0}
  - {fileID: 0}
  - {fileID: 0}
  - {fileID: 0}
  - {fileID: 0}
  - {fileID: 0}
  - {fileID: 0}
  - {fileID: 0}
  - {fileID: 0}
  - {fileID: 0}
  - {fileID: 0}
  - {fileID: 0}
  - {fileID: 0}
  - {fileID: 0}
  - {fileID: 0}
  - {fileID: 0}
  - {fileID: 0}
  - {fileID: 0}
  - {fileID: 0}
  - {fileID: 0}
  - {fileID: 0}
  - {fileID: 0}
  - {fileID: 0}
  - {fileID: 0}
  - {fileID: 0}
  - {fileID: 0}
  - {fileID: 0}
  - {fileID: 0}
  - {fileID: 0}
  - {fileID: 0}
  - {fileID: 0}
  - {fileID: 0}
  - {fileID: 0}
  - {fileID: 0}
  - {fileID: 0}
  - {fileID: 0}
  - {fileID: 0}
  - {fileID: 0}
  - {fileID: 0}
  - {fileID: 0}
  - {fileID: 0}
  - {fileID: 0}
  - {fileID: 0}
  - {fileID: 0}
  - {fileID: 0}
  - {fileID: 0}
  - {fileID: 0}
  - {fileID: 0}
  - {fileID: 0}
  - {fileID: 0}
  - {fileID: 0}
  - {fileID: 0}
  - {fileID: 0}
  - {fileID: 0}
  - {fileID: 0}
  - {fileID: 0}
  - {fileID: 0}
  - {fileID: 0}
  - {fileID: 0}
  - {fileID: 0}
  - {fileID: 0}
  - {fileID: 0}
  - {fileID: 0}
  - {fileID: 0}
  - {fileID: 0}
  - {fileID: 0}
  - {fileID: 0}
  - {fileID: 0}
  - {fileID: 0}
  - {fileID: 0}
  - {fileID: 0}
  - {fileID: 0}
  - {fileID: 0}
  - {fileID: 0}
  - {fileID: 0}
  - {fileID: 0}
  - {fileID: 0}
  - {fileID: 0}
  - {fileID: 0}
  - {fileID: 0}
  - {fileID: 0}
  - {fileID: 0}
  - {fileID: 0}
  - {fileID: 0}
  - {fileID: 0}
  - {fileID: 0}
  - {fileID: 0}
  - {fileID: 0}
  - {fileID: 0}
  - {fileID: 0}
  - {fileID: 0}
  - {fileID: 0}
  - {fileID: 0}
  - {fileID: 0}
  - {fileID: 0}
  - {fileID: 0}
  - {fileID: 0}
  - {fileID: 0}
  - {fileID: 0}
  - {fileID: 0}
  - {fileID: 0}
  CashUpgradeObjectPort:
  - {fileID: 0}
  - {fileID: 0}
  - {fileID: 0}
  - {fileID: 0}
  - {fileID: 0}
  - {fileID: 0}
  - {fileID: 0}
  - {fileID: 0}
  - {fileID: 0}
  - {fileID: 0}
  - {fileID: 0}
  - {fileID: 0}
  - {fileID: 0}
  - {fileID: 0}
  - {fileID: 0}
  - {fileID: 0}
  - {fileID: 0}
  - {fileID: 0}
  - {fileID: 0}
  - {fileID: 0}
  - {fileID: 0}
  - {fileID: 0}
  - {fileID: 0}
  - {fileID: 0}
  - {fileID: 0}
  - {fileID: 0}
  - {fileID: 0}
  - {fileID: 0}
  - {fileID: 0}
  - {fileID: 0}
  - {fileID: 0}
  - {fileID: 0}
  - {fileID: 0}
  - {fileID: 0}
  - {fileID: 0}
  - {fileID: 0}
  - {fileID: 0}
  - {fileID: 0}
  - {fileID: 0}
  - {fileID: 0}
  - {fileID: 0}
  - {fileID: 0}
  - {fileID: 0}
  - {fileID: 0}
  - {fileID: 0}
  - {fileID: 0}
  - {fileID: 0}
  - {fileID: 0}
  - {fileID: 0}
  - {fileID: 0}
  - {fileID: 0}
  - {fileID: 0}
  - {fileID: 0}
  - {fileID: 0}
  - {fileID: 0}
  - {fileID: 0}
  - {fileID: 0}
  - {fileID: 0}
  - {fileID: 0}
  - {fileID: 0}
  - {fileID: 0}
  - {fileID: 0}
  - {fileID: 0}
  - {fileID: 0}
  - {fileID: 0}
  - {fileID: 0}
  - {fileID: 0}
  - {fileID: 0}
  - {fileID: 0}
  - {fileID: 0}
  - {fileID: 0}
  - {fileID: 0}
  - {fileID: 0}
  - {fileID: 0}
  - {fileID: 0}
  - {fileID: 0}
  - {fileID: 0}
  - {fileID: 0}
  - {fileID: 0}
  - {fileID: 0}
  - {fileID: 0}
  - {fileID: 0}
  - {fileID: 0}
  - {fileID: 0}
  - {fileID: 0}
  - {fileID: 0}
  - {fileID: 0}
  - {fileID: 0}
  - {fileID: 0}
  - {fileID: 0}
  - {fileID: 0}
  - {fileID: 0}
  - {fileID: 0}
  - {fileID: 0}
  - {fileID: 0}
  - {fileID: 0}
  - {fileID: 0}
  - {fileID: 0}
  - {fileID: 0}
  - {fileID: 0}
  - {fileID: 0}
  - {fileID: 0}
  - {fileID: 0}
  - {fileID: 0}
  - {fileID: 0}
  - {fileID: 0}
  - {fileID: 0}
  - {fileID: 0}
  - {fileID: 0}
  - {fileID: 0}
  - {fileID: 0}
  - {fileID: 0}
  - {fileID: 0}
  - {fileID: 0}
  - {fileID: 0}
  - {fileID: 0}
  - {fileID: 0}
  - {fileID: 0}
  - {fileID: 0}
  - {fileID: 0}
  - {fileID: 0}
  - {fileID: 0}
  - {fileID: 0}
  - {fileID: 0}
  - {fileID: 0}
  - {fileID: 0}
  - {fileID: 0}
  - {fileID: 0}
  - {fileID: 0}
  - {fileID: 0}
  - {fileID: 0}
  - {fileID: 0}
  - {fileID: 0}
  - {fileID: 0}
  - {fileID: 0}
  - {fileID: 0}
  - {fileID: 0}
  - {fileID: 0}
  - {fileID: 0}
  - {fileID: 0}
  - {fileID: 0}
  - {fileID: 0}
  - {fileID: 0}
  - {fileID: 0}
  - {fileID: 0}
  - {fileID: 0}
  - {fileID: 0}
  - {fileID: 0}
  - {fileID: 0}
  - {fileID: 0}
  availToBuy: {r: 0, g: 1, b: 0.08627451, a: 1}
  notAvailToBuy: {r: 0, g: 1, b: 0.08627451, a: 1}
